@inproceedings{Murray2011,
address = {Reston, Virginia},
author = {Murray, Jonathan and Barone, Matthew},
booktitle = {49th AIAA Aerospace Sciences Meeting including the New Horizons Forum and Aerospace Exposition},
doi = {10.2514/6.2011-147},
file = {:/snl/Home/pchiu/papers/AIAA-2011-147-194.pdf:pdf},
isbn = {978-1-60086-950-1},
mendeley-groups = {Sandia,Prospectus},
month = jan,
number = {January},
pages = {1--21},
publisher = {American Institute of Aeronautics and Astronautics},
title = {{The Development of CACTUS, a Wind and Marine Turbine Performance Simulation Code}},
url = {http://arc.aiaa.org/doi/abs/10.2514/6.2011-147},
year = {2011}
}
@book{katz2001low,
author = {Katz, Joseph and Plotkin, Allen},
publisher = {Cambridge University Press},
title = {{Low-speed aerodynamics}},
year = {2001}
}
@article{Strickland1979,
author = {Strickland, J. H. and Webster, B. T. and Nguyen, T.},
doi = {10.1115/1.3449018},
issn = {00982202},
journal = {Journal of Fluids Engineering},
number = {4},
pages = {500},
title = {{A Vortex Model of the Darrieus Turbine: An Analytical and Experimental Study}},
url = {http://fluidsengineering.asmedigitalcollection.asme.org/article.aspx?articleid=1424807},
volume = {101},
year = {1979}
}